<?xml version="1.0" encoding="UTF-8" ?><marc:collection xmlns:marc="http://www.loc.gov/MARC21/slim" xmlns:xsi="http://www.w3.org/2001/XMLSchema-instance" xsi:schemaLocation="http://www.loc.gov/MARC21/slim http://www.loc.gov/standards/marcxml/schema/MARC21slim.xsd">
<marc:record><marc:leader>02111cam a2200385Ii 4500</marc:leader>
<marc:controlfield tag="001">b11753365</marc:controlfield>
<marc:controlfield tag="003">UaCaAUL</marc:controlfield><marc:controlfield tag="005">20180222021737.0</marc:controlfield><marc:controlfield tag="008">001121s1938    ua       b    000 0 ara d</marc:controlfield><marc:datafield tag="035" ind1=" " ind2=" "><marc:subfield code="a">(OCoLC)60498013</marc:subfield></marc:datafield><marc:datafield tag="040" ind1=" " ind2=" "><marc:subfield code="a">MEAUC</marc:subfield><marc:subfield code="b">eng</marc:subfield><marc:subfield code="e">rda</marc:subfield><marc:subfield code="c">MEAUC</marc:subfield><marc:subfield code="d">OCLCO</marc:subfield><marc:subfield code="d">OCLCQ</marc:subfield><marc:subfield code="d">OCLCO</marc:subfield><marc:subfield code="d">OCLCF</marc:subfield><marc:subfield code="d">MEAUC</marc:subfield></marc:datafield><marc:datafield tag="043" ind1=" " ind2=" "><marc:subfield code="a">f-ua---</marc:subfield></marc:datafield><marc:datafield tag="049" ind1=" " ind2=" "><marc:subfield code="a">MAIN</marc:subfield></marc:datafield><marc:datafield tag="066" ind1=" " ind2=" "><marc:subfield code="c">(3</marc:subfield></marc:datafield><marc:datafield tag="090" ind1=" " ind2=" "><marc:subfield code="a">HC535</marc:subfield><marc:subfield code="b">.L82x 1938</marc:subfield></marc:datafield><marc:datafield tag="100" ind1="1" ind2=" "><marc:subfield code="6">880-01</marc:subfield><marc:subfield code="a">Lahīṭah, Muḥammad Fahmī.</marc:subfield></marc:datafield><marc:datafield tag="245" ind1="1" ind2="0"><marc:subfield code="6">880-02</marc:subfield><marc:subfield code="a">Tārīkh Miṣr al-iqtiṣādī fī al-ʻuṣūr al-ḥadīthah /</marc:subfield><marc:subfield code="c">taʼlīf Muḥammad Fahmī Lahayṭah, ustādh fī al-ʻulūm al-tijārīyah min Jāmiʻat birminjihām, wa-Duktūr fī al-ʻulūm al-iqtiṣādīyah min Jāmiʻat Līdz, ʻuḍw al-Jamʻīyah al-Malakīyah lil-Iḥṣāʼ bi-Landan, ʻuḍw al-Jamʻīyah al-Malakīyah lil-Iqtiṣād bi-Landan, Ustādh bi-Kullīyat al-Tijārah.</marc:subfield></marc:datafield><marc:datafield tag="264" ind1=" " ind2="1"><marc:subfield code="6">880-03</marc:subfield><marc:subfield code="a">[Cairo] :</marc:subfield><marc:subfield code="b">Muḥammad Fahmī Lahayṭah,</marc:subfield><marc:subfield code="c">[1938]</marc:subfield></marc:datafield><marc:datafield tag="300" ind1=" " ind2=" "><marc:subfield code="a">512, 8 pages ;</marc:subfield><marc:subfield code="c">24 cm.</marc:subfield></marc:datafield><marc:datafield tag="336" ind1=" " ind2=" "><marc:subfield code="a">text</marc:subfield><marc:subfield code="b">txt</marc:subfield><marc:subfield code="2">rdacontent.</marc:subfield></marc:datafield><marc:datafield tag="337" ind1=" " ind2=" "><marc:subfield code="a">unmediated</marc:subfield><marc:subfield code="b">n</marc:subfield><marc:subfield code="2">rdamedia.</marc:subfield></marc:datafield><marc:datafield tag="338" ind1=" " ind2=" "><marc:subfield code="a">volume</marc:subfield><marc:subfield code="b">nc</marc:subfield><marc:subfield code="2">rdacarrier.</marc:subfield></marc:datafield><marc:datafield tag="500" ind1=" " ind2=" "><marc:subfield code="a">Cover title.</marc:subfield></marc:datafield><marc:datafield tag="500" ind1=" " ind2=" "><marc:subfield code="a">Introduction date: 1938.</marc:subfield></marc:datafield><marc:datafield tag="500" ind1=" " ind2=" "><marc:subfield code="a">Lacks title page.</marc:subfield></marc:datafield><marc:datafield tag="504" ind1=" " ind2=" "><marc:subfield code="a">Includes bibliographical references (pages 7-8, 2ed group).</marc:subfield></marc:datafield><marc:datafield tag="651" ind1=" " ind2="0"><marc:subfield code="a">Egypt</marc:subfield><marc:subfield code="x">Economic policy.</marc:subfield></marc:datafield><marc:datafield tag="651" ind1=" " ind2="0"><marc:subfield code="a">Egypt</marc:subfield><marc:subfield code="x">Economic conditions.</marc:subfield></marc:datafield><marc:datafield tag="880" ind1="1" ind2="0"><marc:subfield code="6">245-02/(3/r</marc:subfield><marc:subfield code="a">تاريخ مصر الاقتصادي في العصور الحديثة /‪</marc:subfield><marc:subfield code="c">تأليف محمد فهمي لهيطة، استاذ في العلوم التجارية من جامعة برمنجهام، ودكتور في العلوم الاقتصادية من جامعة ليدز، عضو الجمعية الملكية للإحصاء بلندن، عضو الجمعية الملكية للاقتصاد بلندن، استاذ بكلية التجارة..</marc:subfield></marc:datafield><marc:datafield tag="880" ind1="1" ind2=" "><marc:subfield code="6">100-01/(3/r</marc:subfield><marc:subfield code="a">لهيطة، محمد فهمي..</marc:subfield></marc:datafield><marc:datafield tag="880" ind1=" " ind2=" "><marc:subfield code="6">264-03/(3/r</marc:subfield><marc:subfield code="a">[Cairo] :</marc:subfield><marc:subfield code="b">محمد فهمي لهيطة،‪</marc:subfield><marc:subfield code="c">[1938]</marc:subfield></marc:datafield><marc:datafield tag="907" ind1=" " ind2=" "><marc:subfield code="a">.b11753365</marc:subfield><marc:subfield code="b">main </marc:subfield></marc:datafield><marc:datafield tag="902" ind1=" " ind2=" "><marc:subfield code="a">181015</marc:subfield></marc:datafield><marc:datafield tag="998" ind1=" " ind2=" "><marc:subfield code="b">1</marc:subfield><marc:subfield code="c">001203</marc:subfield><marc:subfield code="d">m</marc:subfield><marc:subfield code="e">a</marc:subfield><marc:subfield code="f">-</marc:subfield><marc:subfield code="g">0</marc:subfield><marc:subfield code="k">USA</marc:subfield></marc:datafield><marc:datafield tag="945" ind1=" " ind2=" "><marc:subfield code="l">main </marc:subfield></marc:datafield></marc:record>
</marc:collection>
